@inproceedings{koppen2000curse,
  title     = {The curse of dimensionality},
  author    = {K{\"o}ppen, Mario},
  booktitle = {5th online world conference on soft computing in industrial applications (WSC5)},
  volume    = {1},
  pages     = {4--8},
  year      = {2000}
}

@article{o1982measures,
  title     = {Measures of explained variance: Cautions and limitations.},
  author    = {O'Grady, Kevin E},
  journal   = {Psychological Bulletin},
  volume    = {92},
  number    = {3},
  pages     = {766},
  year      = {1982},
  publisher = {American Psychological Association}
}

@inproceedings{syakur2018integration,
  title        = {Integration k-means clustering method and elbow method for identification of the best customer profile cluster},
  author       = {Syakur, MA and Khotimah, BK and Rochman, EMS and Satoto, Budi Dwi},
  booktitle    = {IOP conference series: materials science and engineering},
  volume       = {336},
  number       = {1},
  pages        = {012017},
  year         = {2018},
  organization = {IOP Publishing}
}

@inproceedings{shahapure2020cluster,
  title        = {Cluster quality analysis using silhouette score},
  author       = {Shahapure, Ketan Rajshekhar and Nicholas, Charles},
  booktitle    = {2020 IEEE 7th International Conference on Data Science and Advanced Analytics (DSAA)},
  pages        = {747--748},
  year         = {2020},
  organization = {IEEE}
}

@incollection{liu2018spectral,
  title     = {Spectral clustering},
  author    = {Liu, Jialu and Han, Jiawei},
  booktitle = {Data clustering},
  pages     = {177--200},
  year      = {2018},
  publisher = {Chapman and Hall/CRC}
}

@article{anowar2021conceptual,
  title     = {Conceptual and empirical comparison of dimensionality reduction algorithms (pca, kpca, lda, mds, svd, lle, isomap, le, ica, t-sne)},
  author    = {Anowar, Farzana and Sadaoui, Samira and Selim, Bassant},
  journal   = {Computer Science Review},
  volume    = {40},
  pages     = {100378},
  year      = {2021},
  publisher = {Elsevier}
}

@article{reynolds2009gaussian,
  title     = {Gaussian mixture models.},
  author    = {Reynolds, Douglas A},
  journal   = {Encyclopedia of biometrics},
  volume    = {741},
  number    = {659-663},
  year      = {2009},
  publisher = {Berlin, Springer}
}